<?xml version="1.0" encoding="UTF-8"?><collection xmlns="http://www.loc.gov/MARC21/slim"><record><leader>00424nam--2200169-i-4500</leader><controlfield tag="001">000002942</controlfield><controlfield tag="002">20161230</controlfield><controlfield tag="005">20170114164105</controlfield><controlfield tag="008">060222s1000------------r-----000-0-eng-d</controlfield><datafield ind1=" " ind2=" " tag="100"><subfield code="a">Bezier, D</subfield></datafield><datafield ind1=" " ind2=" " tag="245"><subfield code="a">Analyse qualitative rapide des cations</subfield></datafield><datafield ind1=" " ind2=" " tag="250"><subfield code="a">2-e edition refondue</subfield></datafield><datafield ind1=" " ind2=" " tag="260"><subfield code="a">Paris</subfield><subfield code="b">Dunod</subfield><subfield code="c">1955</subfield></datafield><datafield ind1=" " ind2=" " tag="300"><subfield code="a">XII + 55 p. Cu Fig</subfield></datafield><datafield ind1=" " ind2=" " tag="700"><subfield code="a">Gauguin, R</subfield></datafield><datafield ind1=" " ind2=" " tag="852"><subfield code="a">11637</subfield></datafield><datafield ind1=" " ind2=" " tag="CAT"><subfield code="a">SYS</subfield><subfield code="c">20170114</subfield><subfield code="h">164105</subfield></datafield></record></collection>